<record><leader>00000cas a2200000 a 4500</leader><controlfield tag="001">25161210</controlfield><controlfield tag="008">920124d19771984scuwr ne      0    0eng d</controlfield><controlfield tag="009">3770</controlfield><datafield ind1=" " ind2=" " tag="010"><subfield code="a">sn 89080108 </subfield></datafield><datafield ind1=" " ind2=" " tag="040"><subfield code="a">NPV</subfield><subfield code="b">eng</subfield><subfield code="c">NPV</subfield><subfield code="d">YOX</subfield><subfield code="d">SVN</subfield><subfield code="d">DCN</subfield><subfield code="d">OCL</subfield><subfield code="d">OCLCQ</subfield><subfield code="d">DLC</subfield><subfield code="d">SUC</subfield><subfield code="d">OCLCF</subfield></datafield><datafield ind1="1" ind2=" " tag="029"><subfield code="a">AU@</subfield><subfield code="b">000009448736</subfield></datafield><datafield ind1=" " ind2=" " tag="042"><subfield code="a">msc</subfield></datafield><datafield ind1=" " ind2=" " tag="043"><subfield code="a">n-us-sc</subfield></datafield><datafield ind1="0" ind2=" " tag="130"><subfield code="a">Black news (Columbia, S.C. : Columbia ed.)</subfield></datafield><datafield ind1="1" ind2="0" tag="245"><subfield code="a">Black news.</subfield></datafield><datafield ind1=" " ind2=" " tag="250"><subfield code="a">Columbia ed.</subfield></datafield><datafield ind1=" " ind2=" " tag="260"><subfield code="a">Columbia, S.C. :</subfield><subfield code="b">Redfern II</subfield></datafield><datafield ind1=" " ind2=" " tag="300"><subfield code="a">v.</subfield></datafield><datafield ind1=" " ind2=" " tag="310"><subfield code="a">Weekly</subfield></datafield><datafield ind1="1" ind2=" " tag="362"><subfield code="a">Began in 1977? Ceased with Jan. 14, 1984.</subfield></datafield><datafield ind1=" " ind2=" " tag="525"><subfield code="a">Contains editorial supplement: National Black monitor.</subfield></datafield><datafield ind1=" " ind2=" " tag="525"><subfield code="a">Contains monthly supplement: Dawn magazine.</subfield></datafield><datafield ind1=" " ind2=" " tag="580"><subfield code="a">Other eds.: Black times (Columbia, S.C. : Charleston ed.); Black voice (Columbia, S.C. : Orangeburg ed.); Black views (Columbia, S.C. : Rock Hill ed.); Black star (Columbia, S.C. : Greenville/Spartanburg ed.); Black sun (Columbia, S.C. : Florence ed.); and Black post (Columbia, S.C. : Sumter ed.).</subfield></datafield><datafield ind1=" " ind2=" " tag="588"><subfield code="a">Description based on: Vol. 1, no. 12 (June 18, 1977).</subfield></datafield><datafield ind1=" " ind2=" " tag="588"><subfield code="a">Latest issue consulted: Vol. 8, no. 2 (Jan. 14, 1984).</subfield></datafield><datafield ind1=" " ind2="0" tag="650"><subfield code="a">African Americans</subfield><subfield code="z">South Carolina</subfield><subfield code="v">Newspapers.</subfield></datafield><datafield ind1=" " ind2="0" tag="651"><subfield code="a">Richland County (S.C.)</subfield><subfield code="v">Newspapers.</subfield></datafield><datafield ind1=" " ind2="0" tag="651"><subfield code="a">Columbia (S.C.)</subfield><subfield code="v">Newspapers.</subfield></datafield><datafield ind1=" " ind2="7" tag="655"><subfield code="a">Newspapers.</subfield><subfield code="2">fast</subfield><subfield code="0">(OCoLC)fst01423814</subfield></datafield><datafield ind1=" " ind2="7" tag="650"><subfield code="a">African Americans.</subfield><subfield code="2">fast</subfield><subfield code="0">(OCoLC)fst00799558</subfield></datafield><datafield ind1=" " ind2="7" tag="651"><subfield code="a">South Carolina.</subfield><subfield code="2">fast</subfield><subfield code="0">(OCoLC)fst01204600</subfield></datafield><datafield ind1=" " ind2="7" tag="651"><subfield code="a">South Carolina</subfield><subfield code="z">Columbia.</subfield><subfield code="2">fast</subfield><subfield code="0">(OCoLC)fst01206785</subfield></datafield><datafield ind1=" " ind2="7" tag="651"><subfield code="a">South Carolina</subfield><subfield code="z">Richland County.</subfield><subfield code="2">fast</subfield><subfield code="0">(OCoLC)fst01206357</subfield></datafield><datafield ind1="1" ind2=" " tag="700"><subfield code="a">Redfern II.</subfield><subfield code="4">pbl</subfield></datafield><datafield ind1=" " ind2=" " tag="752"><subfield code="a">United States</subfield><subfield code="b">South Carolina</subfield><subfield code="c">Richland</subfield><subfield code="d">Columbia.</subfield></datafield><datafield ind1="0" ind2=" " tag="775"><subfield code="t">Black post (Columbia, S.C. : Sumter ed.)</subfield><subfield code="w">(DLC)sn 89080112</subfield><subfield code="w">(OCoLC)25162703</subfield></datafield><datafield ind1="0" ind2=" " tag="775"><subfield code="t">Black star (Columbia, S.C. : Greenville/Spartanburg ed.)</subfield><subfield code="w">(DLC)sn 89080111</subfield><subfield code="w">(OCoLC)25162596</subfield></datafield><datafield ind1="0" ind2=" " tag="775"><subfield code="t">Black sun (Columbia, S.C. : Florence ed.)</subfield><subfield code="w">(DLC)sn 93067908</subfield><subfield code="w">(OCoLC)21182039</subfield></datafield><datafield ind1="0" ind2=" " tag="775"><subfield code="t">Black times (Columbia, S.C. : Charleston ed.)</subfield><subfield code="w">(DLC)sn 89080109</subfield><subfield code="w">(OCoLC)25161635</subfield></datafield><datafield ind1="0" ind2=" " tag="775"><subfield code="t">Black views (Columbia, S.C. : Rock Hill ed.)</subfield><subfield code="w">(DLC)sn 89080113</subfield><subfield code="w">(OCoLC)25162770</subfield></datafield><datafield ind1="0" ind2=" " tag="775"><subfield code="t">Black voice (Columbia, S.C. : Orangeburg ed.)</subfield><subfield code="w">(DLC)sn 89080110</subfield><subfield code="w">(OCoLC)25162189</subfield></datafield><datafield ind1="0" ind2="0" tag="780"><subfield code="t">Black on news</subfield><subfield code="w">(DLC)sn 93067922</subfield><subfield code="w">(OCoLC)28731216</subfield></datafield><datafield ind1="0" ind2="0" tag="785"><subfield code="t">Columbia's black news</subfield><subfield code="w">(DLC)sn 99063227</subfield><subfield code="w">(OCoLC)41939794</subfield></datafield></record>